@preamble{ "\newcommand{\noopsort}[1]{} "
	# "\newcommand{\printfirst}[2]{#1} "
	# "\newcommand{\singleletter}[1]{#1} "
	# "\newcommand{\switchargs}[2]{#2#1} " }



@article{semnticka_podobnost_uvod,
  title={A survey of text similarity approaches},
  author={Gomaa, Wael H and Fahmy, Aly A and others},
  journal={international journal of Computer Applications},
  volume={68},
  number={13},
  pages={13--18},
  year={2013},
  publisher={Citeseer}
}

@article{slovakbert_uvod,
  title={SlovakBERT: Slovak masked language model},
  author={Pikuliak, Mat{\'u}{\v{s}} and Grivalsk{\`y}, {\v{S}}tefan and Kon{\^o}pka, Martin and Bl{\v{s}}t{\'a}k, Miroslav and Tamajka, Martin and Bachrat{\`y}, Viktor and {\v{S}}imko, Mari{\'a}n and Bal{\'a}{\v{z}}ik, Pavol and Trnka, Michal and Uhl{\'a}rik, Filip},
  journal={arXiv preprint arXiv:2109.15254},
  year={2021}
}

@article{slovakbert_uvod2,
  title={Efficient fine-tuning of SlovakBERT with Epinet},
  author={Kub{\'\i}k, Jozef and Kyselica, Daniel and Tak{\'a}{\v{c}}, Martin},
  year={2023}
}

@article{correlation,
  title={Correlation coefficients: appropriate use and interpretation},
  author={Schober, Patrick and Boer, Christa and Schwarte, Lothar A},
  journal={Anesthesia \& analgesia},
  volume={126},
  number={5},
  pages={1763--1768},
  year={2018},
  publisher={LWW}
}

@inproceedings{cosinus,
  title={Semantic cosine similarity},
  author={Rahutomo, Faisal and Kitasuka, Teruaki and Aritsugi, Masayoshi and others},
  booktitle={The 7th international student conference on advanced science and technology ICAST},
  volume={4},
  number={1},
  pages={1},
  year={2012},
  organization={University of Seoul South Korea}
}

@article{ada,
  title={Evaluating Embeddings from Pre-Trained Language Models and Knowledge Graphs for Educational Content Recommendation},
  author={Li, Xiu and Henriksson, Aron and Duneld, Martin and Nouri, Jalal and Wu, Yongchao},
  journal={Future Internet},
  volume={16},
  number={1},
  pages={12},
  year={2023},
  publisher={MDPI}
}


@inproceedings{2015-semeval,
    title = "{S}em{E}val-2015 Task 2: Semantic Textual Similarity, {E}nglish, {S}panish and Pilot on Interpretability",
    author = "Agirre, Eneko  and
      Banea, Carmen  and
      Cardie, Claire  and
      Cer, Daniel  and
      Diab, Mona  and
      Gonzalez-Agirre, Aitor  and
      Guo, Weiwei  and
      Lopez-Gazpio, I{\~n}igo  and
      Maritxalar, Montse  and
      Mihalcea, Rada  and
      Rigau, German  and
      Uria, Larraitz  and
      Wiebe, Janyce",
    editor = "Nakov, Preslav  and
      Zesch, Torsten  and
      Cer, Daniel  and
      Jurgens, David",
    booktitle = "Proceedings of the 9th International Workshop on Semantic Evaluation ({S}em{E}val 2015)",
    month = jun,
    year = "2015",
    address = "Denver, Colorado",
    publisher = "Association for Computational Linguistics",
    url = "https://aclanthology.org/S15-2045",
    doi = "10.18653/v1/S15-2045",
    pages = "252--263",
}

@inproceedings{paraphrase,
  title={Countering misinformation through semantic-aware multilingual models},
  author={Huertas-Garc{\'\i}a, {\'A}lvaro and Huertas-Tato, Javier and Mart{\'\i}n, Alejandro and Camacho, David},
  booktitle={International conference on intelligent data engineering and automated learning},
  pages={312--323},
  year={2021},
  organization={Springer}
}  
    
@article{mpnet,
  title={Mpnet: Masked and permuted pre-training for language understanding},
  author={Song, Kaitao and Tan, Xu and Qin, Tao and Lu, Jianfeng and Liu, Tie-Yan},
  journal={Advances in neural information processing systems},
  volume={33},
  pages={16857--16867},
  year={2020}
}


@article{dutchbert,
  title={Bertje: A dutch bert model},
  author={De Vries, Wietse and van Cranenburgh, Andreas and Bisazza, Arianna and Caselli, Tommaso and van Noord, Gertjan and Nissim, Malvina},
  journal={arXiv preprint arXiv:1912.09582},
  year={2019}
}

@inproceedings{alberto,
  title={Alberto: Italian BERT language understanding model for NLP challenging tasks based on tweets},
  author={Polignano, Marco and Basile, Pierpaolo and De Gemmis, Marco and Semeraro, Giovanni and Basile, Valerio and others},
  booktitle={CEUR workshop proceedings},
  volume={2481},
  pages={1--6},
  year={2019},
  organization={CEUR}
}

@article{camembert,
  title={CamemBERT: a tasty French language model},
  author={Martin, Louis and Muller, Benjamin and Su{\'a}rez, Pedro Javier Ortiz and Dupont, Yoann and Romary, Laurent and de La Clergerie, {\'E}ric Villemonte and Seddah, Djam{\'e} and Sagot, Beno{\^\i}t},
  journal={arXiv preprint arXiv:1911.03894},
  year={2019}
}

@article{dataset,
  title={Linking datasets using semantic textual similarity},
  author={McCrae, John P and Buitelaar, Paul},
  journal={Cybernetics and information technologies},
  volume={18},
  number={1},
  pages={109--123},
  year={2018}
}

@article{stsbenchmark1,
  title={Sentence-bert: Sentence embeddings using siamese bert-networks},
  author={Reimers, Nils and Gurevych, Iryna},
  journal={arXiv preprint arXiv:1908.10084},
  year={2019}
}

@article{stsbenchmark2,
  title={Semeval-2017 task 1: Semantic textual similarity-multilingual and cross-lingual focused evaluation},
  author={Cer, Daniel and Diab, Mona and Agirre, Eneko and Lopez-Gazpio, Inigo and Specia, Lucia},
  journal={arXiv preprint arXiv:1708.00055},
  year={2017}
}

@inproceedings{sick,
  title={Semeval-2014 task 1: Evaluation of compositional distributional semantic models on full sentences through semantic relatedness and textual entailment},
  author={Marelli, Marco and Bentivogli, Luisa and Baroni, Marco and Bernardi, Raffaella and Menini, Stefano and Zamparelli, Roberto},
  booktitle={Proceedings of the 8th international workshop on semantic evaluation (SemEval 2014)},
  pages={1--8},
  year={2014}
}

@article{stss,
  title={Measuring the short text similarity based on semantic and syntactic information},
  author={Yang, Jiaqi and Li, Yongjun and Gao, Congjie and Zhang, Yinyin},
  journal={Future Generation Computer Systems},
  volume={114},
  pages={169--180},
  year={2021},
  publisher={Elsevier}
}

@inproceedings{dalsie,
  title={Sentence Similarity Analysis using Ontology Based on Cosine Similarity},
  author={Hwang, Chi-gon and Yoon, Chang-Pyo and Yun, Dai Yeol},
  booktitle={Proceedings of the Korean Institute of Information and Commucation Sciences Conference},
  pages={441--443},
  year={2021},
  organization={The Korea Institute of Information and Commucation Engineering}
}

